<?xml version="1.0" encoding="UTF-8"?>
<collection xmlns:xsi="http://www.w3.org/2001/XMLSchema-instance" xsi:schemaLocation="http://www.loc.gov/MARC21/slim http://www.loc.gov/standards/marcxml/schema/MARC21slim.xsd" xmlns="http://www.loc.gov/MARC21/slim">
<record>
  <leader>01115cam a2200265   4500</leader>
  <controlfield tag="001">642569</controlfield>
  <controlfield tag="003">NNC</controlfield>
  <controlfield tag="005">20130423143846.0</controlfield>
  <controlfield tag="008">880420s1938    ua            000 0 ara  </controlfield>
  <datafield tag="035" ind1=" " ind2=" ">
    <subfield code="a">(OCoLC)48549878</subfield>
  </datafield>
  <datafield tag="035" ind1=" " ind2=" ">
    <subfield code="a">(OCoLC)ocm48549878</subfield>
  </datafield>
  <datafield tag="035" ind1=" " ind2=" ">
    <subfield code="a">(CStRLIN)NYCG88-B28291</subfield>
  </datafield>
  <datafield tag="035" ind1=" " ind2=" ">
    <subfield code="9">ACU9378CU</subfield>
  </datafield>
  <datafield tag="035" ind1=" " ind2=" ">
    <subfield code="a">(NNC)642569</subfield>
  </datafield>
  <datafield tag="100" ind1="1" ind2=" ">
    <subfield code="a">Shirwānī, ʻAbd al-Hamīd.</subfield>
  </datafield>
  <datafield tag="245" ind1="1" ind2="0">
    <subfield code="a">Hawāshī Tuḥfat al-muḥtāj bi-sharḥ al-Minhāj :</subfield>
    <subfield code="b">wa-bi-hāmashat Ṭuhfat al-muḥtāj bi-sharḥ al-Minhāj.</subfield>
  </datafield>
  <datafield tag="260" ind1=" " ind2=" ">
    <subfield code="a">Misr :</subfield>
    <subfield code="b">al-Maktabah al-Tijariyah al-Kubra,</subfield>
    <subfield code="c">1938.</subfield>
  </datafield>
  <datafield tag="300" ind1=" " ind2=" ">
    <subfield code="a">10 v.;</subfield>
    <subfield code="c">29 cm.</subfield>
  </datafield>
  <datafield tag="500" ind1=" " ind2=" ">
    <subfield code="a">The text of Tuḥfat al-muḥtāj, an abridgment of al-Nawawī's al-Minhāj, is printed in the margin.</subfield>
  </datafield>
  <datafield tag="600" ind1="0" ind2="0">
    <subfield code="a">Nawawī,</subfield>
    <subfield code="d">1233-1277.</subfield>
    <subfield code="t">Minhāj.</subfield>
  </datafield>
  <datafield tag="650" ind1=" " ind2="0">
    <subfield code="a">Islamic law.</subfield>
  </datafield>
  <datafield tag="650" ind1=" " ind2="0">
    <subfield code="a">Shafiites.</subfield>
  </datafield>
  <datafield tag="700" ind1="1" ind2=" ">
    <subfield code="a">Ibn Qāsim al-ʻAbbādī, Aḥmad,</subfield>
    <subfield code="d">-approximately 1585.</subfield>
  </datafield>
  <datafield tag="700" ind1="1" ind2=" ">
    <subfield code="a">Ibn Ḥajar al-Haythamī, Aḥmad ibn Muḥammad,</subfield>
    <subfield code="d">approximately 1503-approximately 1566.</subfield>
    <subfield code="t">Tuḥfat al-muḥtāj bi-sharḥ al-Minhāj.</subfield>
  </datafield>
  <datafield tag="740" ind1="0" ind2=" ">
    <subfield code="a">Tuḥfat al-muḥtāj bi-sharḥ al-Minhāj.</subfield>
  </datafield>
  <datafield tag="955" ind1=" " ind2=" ">
    <subfield code="b">CU01614304</subfield>
    <subfield code="d">off,glx</subfield>
    <subfield code="e">KBL .S5595 1938g</subfield>
    <subfield code="v">v.7</subfield>
  </datafield>
</record>
</collection>